Automatically generated by Mendeley Desktop 1.19.8
Any changes to this file will be lost if it is regenerated by Mendeley.

BibTeX export options can be customized via Options -> BibTeX in Mendeley Desktop

@misc{sohldickstein2015deep,
      title={Deep Unsupervised Learning using Nonequilibrium Thermodynamics}, 
      author={Jascha Sohl-Dickstein and Eric A. Weiss and Niru Maheswaranathan and Surya Ganguli},
      year={2015},
      eprint={1503.03585},
      archivePrefix={arXiv},
      primaryClass={cs.LG}
}

@misc{ho2020denoising,
      title={Denoising Diffusion Probabilistic Models}, 
      author={Jonathan Ho and Ajay Jain and Pieter Abbeel},
      year={2020},
      eprint={2006.11239},
      archivePrefix={arXiv},
      primaryClass={cs.LG}
}



@misc{kodali2017convergence,
      title={On Convergence and Stability of GANs}, 
      author={Naveen Kodali and Jacob Abernethy and James Hays and Zsolt Kira},
      year={2017},
      eprint={1705.07215},
      archivePrefix={arXiv},
      primaryClass={cs.AI}
}


@misc{miyato2018spectral,
      title={Spectral Normalization for Generative Adversarial Networks}, 
      author={Takeru Miyato and Toshiki Kataoka and Masanori Koyama and Yuichi Yoshida},
      year={2018},
      eprint={1802.05957},
      archivePrefix={arXiv},
      primaryClass={cs.LG}
}

@misc{thanhtung2020catastrophic,
      title={On Catastrophic Forgetting and Mode Collapse in Generative Adversarial Networks}, 
      author={Hoang Thanh-Tung and Truyen Tran},
      year={2020},
      eprint={1807.04015},
      archivePrefix={arXiv},
      primaryClass={cs.LG}
}


@misc{arjovsky2017wasserstein,
      title={Wasserstein GAN}, 
      author={Martin Arjovsky and Soumith Chintala and Léon Bottou},
      year={2017},
      eprint={1701.07875},
      archivePrefix={arXiv},
      primaryClass={stat.ML}
}

@misc{metz2017unrolled,
      title={Unrolled Generative Adversarial Networks}, 
      author={Luke Metz and Ben Poole and David Pfau and Jascha Sohl-Dickstein},
      year={2017},
      eprint={1611.02163},
      archivePrefix={arXiv},
      primaryClass={cs.LG}
}

@misc{rombach2022highresolution,
      title={High-Resolution Image Synthesis with Latent Diffusion Models}, 
      author={Robin Rombach and Andreas Blattmann and Dominik Lorenz and Patrick Esser and Björn Ommer},
      year={2022},
      eprint={2112.10752},
      archivePrefix={arXiv},
      primaryClass={cs.CV}
}

@misc{ruiz2023dreambooth,
      title={DreamBooth: Fine Tuning Text-to-Image Diffusion Models for Subject-Driven Generation}, 
      author={Nataniel Ruiz and Yuanzhen Li and Varun Jampani and Yael Pritch and Michael Rubinstein and Kfir Aberman},
      year={2023},
      eprint={2208.12242},
      archivePrefix={arXiv},
      primaryClass={cs.CV}
}